@book{key1,
  author         = {Nome do Autor},
  address        = {Cidade},
  publisher      = {Editora X},
  title          = {Título do Livro},
  year           = {2022}
}

@article{key2,
  author          = {Nome do Autor},
  journal         = {Revista X},
  title           = {Título do Artigo},
  year            = {2022},
}
